@article{malone:tex,
	author = {Thomas W. Malone},
	doi = {10.1207/s15516709cog0504_2},
	journal = {Cognitive Science},
	number = {4},
	pages = {333--369},
	title = {Toward a Theory of Intrinsically Motivating Instruction},
	volume = {5},
	year = {1981}
}